@book{degrootmazur,
  title={Non-equilibrium thermodynamics},
  author={De Groot, Sybren Ruurds and Mazur, Peter},
  year={1962},
  publisher={Courier Corporation}
}


@article{onsager1,
  author = 	 {Lars Onsager},
  title = 	 {Reciprocal Relations in Irreversible Processes. I.},
  journal = 	 {Phys. Rev.},
  year = 	 {1931},
  volume = 	 {37},
  pages = 	 {405}
}

@article{onsager2,
  author = 	 {Lars Onsager},
  title = 	 {Reciprocal Relations in Irreversible Processes. II.},
  journal = 	 {Phys. Rev.},
  year = 	 {1931},
  volume = 	 {38},
  pages = 	 {2265}
}

@book{kubo,
  author = 	 {Kubo, Ryogo and Toda, Morikazu and Hashitsume, Natsuki},
  title = 	 {Statistical Physics II -- Nonequilibrium Statistical Mechanics},
  publisher = 	 {Springer-Verlag},
  year = 	 {1991},
  volume = 	 {31},
  series = 	 {Springer Series in Solid-State Sciences},
  address = 	 {Berlin Heidelberg}
}

